@online{wikimachine,
    title={Machine Learning},
    url={https://en.wikipedia.org/wiki/Machine_learning},
    urldate={2017-02-07},
    journal={Wikipedia (en)},
    author={several},
    date={2017-02},
},

@online{machinelearning,
    title={The 10 Algorithms Machine Learning Engineers Need to Know},
    url={http://www.kdnuggets.com/2016/08/10-algorithms-machine-learning-engineers.html},
    urldate={2017-02-07},
    journal={KD nuggets},
    author={Le, James},
    date={2016-08}
}



